@book{Gallardo,
  title={Elementos de sistemas de telecomunicaciones 2da. Edici\'on.},
  author={Gallardo V\'azques, Sergio},
  isbn={9788490971345},
  url={https://books.google.com.pe/books?id=mKehDwAAQBAJ&pg=PA129&dq=4NEC2&hl=es&sa=X&ved=2ahUKEwi6i5XC2u3xAhWjGLkGHTwmDFsQ6AEwCXoECAsQAg#v=onepage&q=4NEC2&f=false},
  year={2019},
  pages={129},
  publisher={Paraninfo}
}

@misc{ant,
author = {Hamwaves},
title = {NEC Visualization, Optimization and Sweeping tool},
year = {2001},
howpublished = "\url{https://hamwaves.com/antennas/doc/4nec2.rtf.pdf}",
urldate = {15-07-2021}
}

@misc{moron,
author = {B.L.U},
title = {Tutorial para la simulaci\'on de antenas con 4nec2},
year = {2015},
howpublished = "\url{https://www.qsl.net/4nec2/ANEXOS.pdf}",
urldate = {18-07-2021}
}


@misc{Word,
author = {James Cooper, Yuxi Liao},
title = {A Beginnerâ€™s Tutorial for 4NEC, a NEC2 Distribution},
year = {2015},
howpublished = "\url{http://propagation.ece.gatech.edu/ECE4370/notes/4nec2_Tutorial.pdf}",
urldate = {13-07-2021}
}


@misc{Kraus,
author = {Gunthard Kraus},
title = {Simulation of Wire antennas using 4NEC2},
year = {2010},
howpublished = "\url{https://www.qsl.net/4nec2/Tutorial_4NEC2_english.pdf}",
urldate = {15-07-2021}
}


@misc{Gunthard,
author = {Gunthard Kraus},
title = {Antenna Simulation with 4NEC2 including an application example for 2300MHz},
year = {2018},
    howpublished = "\url{https://www.qsl.net/4nec2/Tutorial_4NEC2_english.pdf}",
urldate = {17-07-2021}
}


@misc{Kalpana,
author = {M. Kalpana},
title = {Advance Technology and Innovative Research},
year = {2016},
howpublished = "\url{http://www.ijatir.org/uploads/413652IJATIR9530-148.pdf}",
urldate = {17-07-2021}
}


@book{Miron,
  title={Small Antenna Design 1st edition.},
  author={Miron B., Douglas},
  isbn={9788490971345},
  url={https://books.google.com.pe/books?id=JjRpeFb6f5sC&pg=PA103&dq=4nec2+what+is&hl=es&sa=X&ved=2ahUKEwjcn6qb2u3xAhWPHrkGHXewAi0Q6AEwAnoECAcQAg#v=onepage&q=4nec2\%20what\%20is&f=false},
  year={2019},
  publisher={Newnes},
  pages={103}
}


 
 
 